@inproceedings{albuquerque:20,
  title={Sistema de Internet das Coisas para Detec{\c{c}}{\~a}o de Inc{\^e}ndios Florestais},
  author={Albuquerque, S{\'\i}lvia and Fonseca, Daniel and Lima, Raphael Luiz and Milan{\'e}s, Anolan and Rocha, Isabela and Santos, Ana Maria and Silva, Gabriel and Vieira, Fadoa},
  booktitle={Anais do XI Workshop de Computa{\c{c}}{\~a}o Aplicada {\`a} Gest{\~a}o do Meio Ambiente e Recursos Naturais},
  pages={141--150},
  year={2020},
  organization={SBC}
}

@inproceedings{isah:18,
  title={A scalable and robust framework for data stream ingestion},
  author={Isah, Haruna and Zulkernine, Farhana},
  booktitle={2018 IEEE International Conference on Big Data (Big Data)},
  pages={2900--2905},
  year={2018},
  organization={IEEE}
}

@inproceedings{meehan:17,
  title={Data Ingestion for the Connected World.},
  author={Meehan, John and Aslantas, Cansu and Zdonik, Stan and Tatbul, Nesime and Du, Jiang},
  booktitle={CIDR},
  year={2017}
}

@inproceedings{dey:18,
  title={Characterizing the impact of topology on IoT stream processing},
  author={Dey, Anindya and Stuart, Kim and Tolentino, Matthew E},
  booktitle={2018 IEEE 4th World Forum on Internet of Things (WF-IoT)},
  pages={505--510},
  year={2018},
  organization={IEEE}
}